@book{latexbook1,
  author    = {L. Lamport},
  title     = {{\LaTeX}: {A} Document Preparation System},
  publisher = {Addison-Wesley},
  year      = {1986}
}

@book{latexbook2,
  author    = {F. Mittelbach and M. Goossens and J. Braams and D. Carlisle and C. Rowley},
  title     = {The {\LaTeX} Companion},
  edition   = {2nd},
  publisher = {Addison-Wesley},
  year      = {2004}
}

@article{tibbs1992industrial,
  title={Industrial ecology},
  author={Tibbs, HBC},
  journal={Whole earth review},
  volume={7},
  pages={4--19},
  year={1992}
}

@incollection{white1994greening,
  title={Preface},
  booktitle={The greening of industrial ecosystems},
  editor={Richards, Deanna J and Allenby, Braden R and others},
  year={1994},
  publisher={National Academies Press}
}

@article{rockstrom2009safe,
  title={A safe operating space for humanity},
  author={Rockstr{\"o}m, Johan and Steffen, Will and Noone, Kevin and Persson, {\AA}sa and Chapin III, F Stuart and Lambin, Eric F and Lenton, Timothy M and Scheffer, Marten and Folke, Carl and Schellnhuber, Hans Joachim and others},
  journal={nature},
  volume={461},
  number={7263},
  pages={472},
  year={2009},
  publisher={Nature Publishing Group}
}

@article{müller2014modeling,
  title={Modeling metal stocks and flows: a review of dynamic material flow analysis methods},
  author={Müller, Esther and Hilty, Lorenz M and Widmer, Rolf and Schluep, Mathias and Faulstich, Martin},
  journal={Environmental science \& technology},
  volume={48},
  number={4},
  pages={2102--2113},
  year={2014},
  publisher={ACS Publications}
}

@article{esty1998industrial,
  title={Industrial ecology and competitiveness: Strategic implications for the firm},
  author={Esty, Daniel C and Porter, Michael E},
  journal={Journal of Industrial Ecology},
  volume={2},
  number={1},
  pages={35--43},
  year={1998},
  publisher={Wiley Online Library}
}

@article{robert2005sustainable,
  title={What is sustainable development? Goals, indicators, values, and practice},
  author={Robert, Kates W and Parris, Thomas M and Leiserowitz, Anthony A},
  journal={Environment: science and policy for sustainable development},
  volume={47},
  number={3},
  pages={8--21},
  year={2005},
  publisher={Taylor \& Francis}
}

@article{myers2019unified,
  title={Unified Materials Information System (UMIS): An Integrated Material Stocks and Flows Data Structure},
  author={Myers, Rupert J and Fishman, Tomer and Reck, Barbara K and Graedel, TE},
  journal={Journal of Industrial Ecology},
  volume={23},
  number={1},
  pages={222--240},
  year={2019},
  publisher={Wiley Online Library}
}

@techreport{ISO14040,
type = {Standard},
key = {ISO 14040:14044(E)},
year = {2006},
title = {{The New International Standards for Life Cycle Assessment}},
volume = {2006},
address = {Geneva, CH},
institution = {International Organization for Standardization (ISO)}
}

@article{laundry,
author = {Van Hoof, Gert and Schowanek, Diederik and Feijtel, T.C.J.},
year = {2003},
month = {09},
pages = {266-275},
title = {Comparative Life-Cycle Assessment of Laundry Detergent Formulations in the UK},
volume = {40},
journal = {Tenside, Surfactants, Detergents}
}

@article{mattila2012methodological,
  title={Methodological aspects of applying life cycle assessment to industrial symbioses},
  author={Mattila, Tuomas and Lehtoranta, Suvi and Sokka, Laura and Melanen, Matti and Nissinen, Ari},
  journal={Journal of Industrial Ecology},
  volume={16},
  number={1},
  pages={51--60},
  year={2012},
  publisher={Wiley Online Library}
}


@article{wernet2016ecoinvent,
  title={The ecoinvent database version 3 (part I): overview and methodology},
  author={Wernet, Gregor and Bauer, Christian and Steubing, Bernhard and Reinhard, J{\"u}rgen and Moreno-Ruiz, Emilia and Weidema, Bo},
  journal={The International Journal of Life Cycle Assessment},
  volume={21},
  number={9},
  pages={1218--1230},
  year={2016},
  publisher={Springer}
}

@article{chen2016building,
  title={Building the material flow networks of aluminum in the 2007 US economy},
  author={Chen, Wei-Qiang and Graedel, Thomas E and Nuss, Philip and Ohno, Hajime},
  journal={Environmental science \& technology},
  volume={50},
  number={7},
  pages={3905--3912},
  year={2016},
  publisher={ACS Publications}
}

@article{pauliuk2015general,
  title={A general system structure and accounting framework for socioeconomic metabolism},
  author={Pauliuk, Stefan and Majeau-Bettez, Guillaume and M{\"u}ller, Daniel B},
  journal={Journal of Industrial Ecology},
  volume={19},
  number={5},
  pages={728--741},
  year={2015},
  publisher={Wiley Online Library}
}

@article{pauliuk2016toward,
  title={Toward a practical ontology for socioeconomic metabolism},
  author={Pauliuk, Stefan and Majeau-Bettez, Guillaume and M{\"u}ller, Daniel B and Hertwich, Edgar G},
  journal={Journal of Industrial Ecology},
  volume={20},
  number={6},
  pages={1260--1272},
  year={2016},
  publisher={Wiley Online Library}
}

@article{hertwich2018nullius,
  title={Nullius in Verba 1: Advancing Data Transparency in Industrial Ecology},
  author={Hertwich, Edgar and Heeren, Niko and Kuczenski, Brandon and Majeau-Bettez, Guillaume and Myers, Rupert J and Pauliuk, Stefan and Stadler, Konstantin and Lifset, Reid},
  journal={Journal of Industrial Ecology},
  volume={22},
  number={1},
  pages={6--17},
  year={2018},
  publisher={Wiley Online Library}
}

@misc{ystafdb,
  title={Yale stocks and flows database (YSTAFDB) describing anthropogenic materials cycles, recycling, and criticality for 102 materials on spatial scales ranging from suburbs to global and timescales from the early 1800s to circa 2013},
  author={Myers, R.J., Reck, B.K., Hopple, J.A., Baker, M.S., Nassar, N.T., and Graedel, T.E.},
  year={2019},
  url={\url{https://doi.org/10.5066/F7WH2NZ1}},
  publisher={U.S Geological Survey data release}
 }
 
 @misc{MetabolismOfCities,
  author = {Paul Hoekman et al.},
  title = {Metabolism of Cities},
  url = {https://metabolismofcities.org/},
  urldate = {2019-04-17}
}

@incollection{pauliuk2016prospective,
  title={Prospective models of society’s future metabolism: what industrial ecology has to contribute},
  author={Pauliuk, Stefan and Hertwich, Edgar G},
  booktitle={Taking stock of industrial ecology},
  pages={21--43},
  year={2016},
  publisher={Springer, Cham}
}

@article{brunner2004practical,
  title={Practical handbook of material flow analysis},
  author={Brunner, Paul H and Rechberger, Helmut},
  journal={The International Journal of Life Cycle Assessment},
  volume={9},
  number={5},
  pages={337--338},
  year={2004},
  publisher={Springer}
}

@inproceedings{danius2001regional,
  title={Regional material flow analysis and data uncertainties: can the results be trusted},
  author={Danius, Lena and Burstr{\"o}m, Fredrik},
  booktitle={Proceedings of 15th International Symposium on Informatics for Environmental Protection, Zurich (Switzerland)},
  pages={10--12},
  year={2001}
}

@article{temursho201712,
  title={12. Uncertainty treatment in input--output analysis},
  author={Temursho, Umed},
  journal={Handbook of Input--Output Analysis},
  pages={407},
  year={2017},
  publisher={Edward Elgar Publishing}
}

@article{heijungs2004review,
  title={A review of approaches to treat uncertainty in LCA},
  author={Heijungs, Reinout and Huijbregts, Mark AJ},
  year={2004}
}

@article{laner2014systematic,
  title={Systematic evaluation of uncertainty in material flow analysis},
  author={Laner, David and Rechberger, Helmut and Astrup, Thomas},
  journal={Journal of Industrial Ecology},
  volume={18},
  number={6},
  pages={859--870},
  year={2014},
  publisher={Wiley Online Library}
}

@article{ferson1996different,
  title={Different methods are needed to propagate ignorance and variability},
  author={Ferson, Scott and Ginzburg, Lev R},
  journal={Reliability Engineering \& System Safety},
  volume={54},
  number={2-3},
  pages={133--144},
  year={1996},
  publisher={Elsevier}
}

@article{laner2016novel,
  title={A novel approach to characterize data uncertainty in material flow analysis and its application to plastics flows in Austria},
  author={Laner, David and Feketitsch, Julia and Rechberger, Helmut and Fellner, Johann},
  journal={Journal of Industrial Ecology},
  volume={20},
  number={5},
  pages={1050--1063},
  year={2016},
  publisher={Wiley Online Library}
}

@article{hedbrant2001data,
  title={Data vagueness and uncertainties in urban heavy-metal data collection},
  author={Hedbrant, J and S{\"o}rme, L},
  journal={Water, Air and Soil Pollution: Focus},
  volume={1},
  number={3-4},
  pages={43--53},
  year={2001},
  publisher={Springer}
}

@article{weidema1996data,
  title={Data quality management for life cycle inventories—an example of using data quality indicators},
  author={Weidema, Bo Pedersen and Wesnaes, Marianne Suhr},
  journal={Journal of cleaner production},
  volume={4},
  number={3-4},
  pages={167--174},
  year={1996},
  publisher={Elsevier}
}

@article{lupton2018incremental,
  title={Incremental material flow analysis with bayesian inference},
  author={Lupton, Richard C and Allwood, Julian M},
  journal={Journal of Industrial Ecology},
  volume={22},
  number={6},
  pages={1352--1364},
  year={2018},
  publisher={Wiley Online Library}
}
